@misc{Garfield++,
	title = {Garfield++},
	howpublished = {\url{https://garfieldpp.web.cern.ch/garfieldpp/}},
	note = {Accessed: 2023-05-18}
}

@article{HEED,
	title = {Modeling of ionization produced by fast charged particles in gases},
	journal = {Nuclear Instruments and Methods in Physics Research Section A: Accelerators, Spectrometers, Detectors and Associated Equipment},
	volume = {554},
	number = {1},
	pages = {474-493},
	year = {2005},
	issn = {0168-9002},
	doi = {https://doi.org/10.1016/j.nima.2005.08.064},
	url = {https://www.sciencedirect.com/science/article/pii/S0168900205016724},
	author = {I.B. Smirnov},
	keywords = {Ionization, Modeling, Simulation, Gaseous detectors, PAI, Relaxation},
	abstract = {A computer modeling of ionization is necessary for the simulation of gaseous detectors of fast charged particles. The interactions of the incident particle with matter are well described by the photoabsorption ionization (PAI) model, which is based on the relation between the energy deposited by the fast charged particle in a medium and the photoabsorption cross-section of this medium. Some modification of the PAI model energy-transfer cross-section allows to distinguish the interactions with different atomic shells and to determine the energy of the primary photoelectrons and possible atomic relaxation cascades. Further simulation of paths and absorption of secondary particles results in a realistic reproduction of the space distributions and amount of initial ionization.}
}

@article{ROOT,
	title = {{Root — An Object Oriented Data Analysis Framework.}},
	volume = {389},
	DOI = {10.1016/s0168-9002(97)00048-x},
	number = {1–2},
	journal = {Nuclear Instruments and Methods in Physics Research Section A: Accelerators, Spectrometers, Detectors and Associated Equipment},
	author = {Brun, Rene and Rademakers, Fons},
	year = {1997},
	month = {Apr},
	pages = {81–86},
	url = {https://root.cern/download/lj.ps.gz},
	note = {Proceedings AIHENP’96 Workshop, Lausanne, Sep. 1996, See also https://root.cern/, Paper published in the Linux Journal, Issue 51, July 1998.}
}

@misc{metacentrum,
	title        = "{About MetaCentrum}",
	year         = 2023,
	howpublished = "\url{https://metavo.metacentrum.cz/en/about/index.html}",
	note         = "Accessed: 2024-11-27"
}

@article{IPC,
	title = {{Internal Pair Formation}},
	author = {Rose, M. E.},
	journal = {Phys. Rev.},
	volume = {76},
	issue = {5},
	pages = {678--681},
	numpages = {0},
	year = {1949},
	month = {Sep},
	publisher = {American Physical Society},
	doi = {10.1103/PhysRev.76.678},
	url = {https://link.aps.org/doi/10.1103/PhysRev.76.678}
}

@article{resonances,
	title = {{Energy levels of light nuclei A=8,9,10}},
	journal = {Nuclear Physics A},
	volume = {745},
	number = {3},
	pages = {155-362},
	year = {2004},
	issn = {0375-9474},
	doi = {https://doi.org/10.1016/j.nuclphysa.2004.09.059},
	url = {https://www.sciencedirect.com/science/article/pii/S0375947404010267},
	author = {D.R. Tilley and J.H. Kelley and J.L. Godwin and D.J. Millener and J.E. Purcell and C.G. Sheu and H.R. Weller},
	abstract = {A review of the evidence on the properties of the nuclei A=8, 9 and 10, with emphasis on material leading to information about the structure of the A=8,9,10 systems.}
}

@article{atomki_be,
	title = {{Observation of Anomalous Internal Pair Creation in \iso{Be}{8}: A Possible Indication of a Light, Neutral Boson}},
	volume = {116},
	ISSN = {1079-7114},
	url = {http://dx.doi.org/10.1103/PhysRevLett.116.042501},
	DOI = {10.1103/physrevlett.116.042501},
	number = {4},
	journal = {Physical Review Letters},
	publisher = {American Physical Society (APS)},
	author = {Krasznahorkay, A. J. and Csatlós, M. and Csige, L. and Gácsi, Z. and Gulyás, J. and Hunyadi, M. and Kuti, I. and Nyakó, B. M. and Stuhl, L. and Timár, J. and Tornyi, T. G. and Vajta, Zs. and Ketel, T. J. and Krasznahorkay, A.},
	year = {2016},
	month = jan
}

@misc{atomki_be2,
	title={{Observation of the X17 anomaly in the $^7$Li($p$,$e^+e^-$)$^8$Be direct proton-capture reaction}}, 
	author={N. J. Sas and A. J. Krasznahorkay and M. Csatlós and J. Gulyás and B. Kertész and A. Krasznahorkay and J. Molnár and I. Rajta and J. Timár and I. Vajda and M. N. Harakeh},
	year={2022},
	eprint={2205.07744},
	archivePrefix={arXiv},
	primaryClass={nucl-ex},
	url={https://arxiv.org/abs/2205.07744}, 
}

@article{resonances2,
	title = {{Energy levels of light nuclei A = 4}},
	journal = {Nuclear Physics A},
	volume = {541},
	number = {1},
	pages = {1-104},
	year = {1992},
	issn = {0375-9474},
	doi = {https://doi.org/10.1016/0375-9474(92)90635-W},
	url = {https://www.sciencedirect.com/science/article/pii/037594749290635W},
	author = {D.R. Tilley and H.R. Weller and G.M. Hale},
	abstract = {A compilation of information on A = 4 nuclei. Information relating to unbound states in 4H, 4He, and 4Li is presented and discussed. No firm evidence for bound states of 4n, 4H, or 4Li has been obtained.}
}

@misc{atomki_he,
	title={{New evidence supporting the existence of the hypothetic X17 particle}},
	author={A. J. Krasznahorkay and M. Csatlos and L. Csige and J. Gulyas and M. Koszta and B. Szihalmi and J. Timar and D. S. Firak and A. Nagy and N. J. Sas and A. Krasznahorkay},
	year={2019},
	eprint={1910.10459},
	archivePrefix={arXiv},
	primaryClass={nucl-ex},
	url={https://arxiv.org/abs/1910.10459}, 
}

@article{atomki_he2,
	title = {{New anomaly observed in \iso{He}{4} supports the existence of the hypothetical X17 particle}},
	volume = {104},
	ISSN = {2469-9993},
	url = {http://dx.doi.org/10.1103/PhysRevC.104.044003},
	DOI = {10.1103/physrevc.104.044003},
	number = {4},
	journal = {Physical Review C},
	publisher = {American Physical Society (APS)},
	author = {Krasznahorkay, A. J. and Csatlós, M. and Csige, L. and Gulyás, J. and Krasznahorkay, A. and Nyakó, B. M. and Rajta, I. and Timár, J. and Vajda, I. and Sas, N. J.},
	year = {2021},
	month = oct
}

@article{resonances3,
	title = {{Energy levels of light nuclei A = 11,12}},
	journal = {Nuclear Physics A},
	volume = {506},
	number = {1},
	pages = {1-158},
	year = {1990},
	issn = {0375-9474},
	doi = {https://doi.org/10.1016/0375-9474(90)90271-M},
	url = {https://www.sciencedirect.com/science/article/pii/037594749090271M},
	author = {F. Ajzenberg-Selove},
	abstract = {Compilation of energy levels of A = 11 and 12 nuclei, with emphasis on material leading to information about the structure of the A = 11 and 12 systems.}
}

@article{atomki_c,
	title = {{New anomaly observed in $^{12}\mathrm{C}$ supports the existence and the vector character of the hypothetical X17 boson}},
	author = {Krasznahorkay, A. J. and Krasznahorkay, A. and Begala, M. and Csatl\'os, M. and Csige, L. and Guly\'as, J. and Krak\'o, A. and Tim\'ar, J. and Rajta, I. and Vajda, I. and Sas, N. J.},
	journal = {Phys. Rev. C},
	volume = {106},
	issue = {6},
	pages = {L061601},
	numpages = {5},
	year = {2022},
	month = {Dec},
	publisher = {American Physical Society},
	doi = {10.1103/PhysRevC.106.L061601},
	url = {https://link.aps.org/doi/10.1103/PhysRevC.106.L061601}
}
